<?xml version="1.0" encoding="utf-8"?>
<record xmlns="http://www.loc.gov/MARC21/slim" xmlns:xsi="http://www.w3.org/2001/XMLSchema-instance" xsi:schemaLocation="http://www.loc.gov/MARC21/slim http://www.loc.gov/standards/marcxml/schema/MARC21slim.xsd">
	<leader>     nam a22     Mi 4500</leader>
	<controlfield tag="001">5370094</controlfield>
	<controlfield tag="003">NNC</controlfield>
	<controlfield tag="006">m        d        </controlfield>
	<controlfield tag="007">cr cn |||m|||a</controlfield>
	<controlfield tag="008">180920s1969    iq      o    f000 0 arar </controlfield>
	<datafield ind1=" " ind2=" " tag="040">
		<subfield code="a">ZYU</subfield>
		<subfield code="b">ara</subfield>
		<subfield code="e">rda</subfield>
		<subfield code="c">ZYU</subfield>
	</datafield>
	<datafield ind1="0" ind2="4" tag="050">
		<subfield code="a">PJ7842.H2944</subfield>
		<subfield code="b">R3</subfield>
	</datafield>
	<datafield ind1="1" ind2=" " tag="100">
		<subfield code="6">880-01</subfield>
		<subfield code="a">Khalīl, Anwar,</subfield>
		<subfield code="d">1919-</subfield>
	</datafield>
	<datafield ind1="1" ind2="3" tag="245">
		<subfield code="6">880-02</subfield>
		<subfield code="a">al-Rabīʻ al-ʻaẓīm,</subfield>
		<subfield code="b">wa-qaṣāʼid ukhrá ...</subfield>
		<subfield code="c">shiʻr Anwar Khalīl.</subfield>
	</datafield>
	<datafield ind1=" " ind2=" " tag="260">
		<subfield code="a">[Baghdād]</subfield>
		<subfield code="b">Mudīrīyat al-Thaqāfah al-ʻĀmmah</subfield>
		<subfield code="c">[1969]</subfield>
	</datafield>
	<datafield ind1=" " ind2=" " tag="300">
		<subfield code="a">online resource (5, 97 pages)</subfield>
	</datafield>
	<datafield ind1=" " ind2=" " tag="336">
		<subfield code="a">text</subfield>
		<subfield code="2">rdacontent</subfield>
	</datafield>
	<datafield ind1=" " ind2=" " tag="337">
		<subfield code="a">computer</subfield>
		<subfield code="2">rdamedia</subfield>
	</datafield>
	<datafield ind1=" " ind2=" " tag="338">
		<subfield code="a">online resource</subfield>
		<subfield code="2">rdacarrier</subfield>
	</datafield>
	<datafield ind1="1" ind2=" " tag="490">
		<subfield code="6">880-03</subfield>
		<subfield code="a">Dīwān al-shiʻr al-ʻArabī al-ḥadīth,</subfield>
		<subfield code="v">5</subfield>
	</datafield>
	<datafield ind1=" " ind2=" " tag="500">
		<subfield code="a">Part of the Arabic Collections Online (ACO) project, contributed by Columbia University Libraries.</subfield>
	</datafield>
	<datafield ind1=" " ind2=" " tag="533">
		<subfield code="a">Electronic reproduction.</subfield>
		<subfield code="b">New York, N.Y. :</subfield>
		<subfield code="c">New York University,</subfield>
		<subfield code="d">2018.</subfield>
		<subfield code="5">NNU</subfield>
	</datafield>
	<datafield ind1="2" ind2=" " tag="710">
		<subfield code="a">Columbia University.</subfield>
		<subfield code="b">Libraries.</subfield>
	</datafield>
	<datafield ind1="0" ind2=" " tag="730">
		<subfield code="a">Arabic Collections Online.</subfield>
	</datafield>
	<datafield ind1="0" ind2="8" tag="776">
		<subfield code="i">Online version:</subfield>
		<subfield code="a">Khalīl, Anwar, 1919-</subfield>
		<subfield code="t">Rabīʻ al-ʻaẓīm.</subfield>
		<subfield code="d">[Baghdād] Mudīrīyat al-Thaqāfah al-ʻĀmmah [1969]</subfield>
		<subfield code="w">(OCoLC)580656489</subfield>
	</datafield>
	<datafield ind1="0" ind2="8" tag="776">
		<subfield code="i">Online version:</subfield>
		<subfield code="a">Khalīl, Anwar, 1919-</subfield>
		<subfield code="t">Rabīʻ al-ʻaẓīm.</subfield>
		<subfield code="d">[Baghdād] Mudīrīyat al-Thaqāfah al-ʻĀmmah [1969]</subfield>
		<subfield code="w">(OCoLC)608300664</subfield>
	</datafield>
	<datafield ind1="0" ind2="8" tag="776">
		<subfield code="i">Print version:</subfield>
		<subfield code="a">Khalīl, Anwar, 1919-</subfield>
		<subfield code="t">al-Rabīʻ al-ʻaẓīm</subfield>
		<subfield code="w">(NNC)5370094</subfield>
		<subfield code="w">(DLC)   70297516 </subfield>
		<subfield code="w">(OCoLC)8735680</subfield>
	</datafield>
	<datafield ind1=" " ind2="0" tag="830">
		<subfield code="6">880-04</subfield>
		<subfield code="a">Silsilat dīwān al-shiʻr al-ʻArabī al-ḥadīth ;</subfield>
		<subfield code="v">5.</subfield>
	</datafield>
	<datafield ind1="4" ind2="0" tag="856">
		<subfield code="u">http://hdl.handle.net/2333.1/brv15n4b</subfield>
	</datafield>
	<datafield ind1="1" ind2=" " tag="880">
		<subfield code="6">100-01</subfield>
		<subfield code="a">خليل، ٱنور.</subfield>
	</datafield>
	<datafield ind1="1" ind2="2" tag="880">
		<subfield code="6">245-02</subfield>
		<subfield code="a">الربيع العظيم،</subfield>
		<subfield code="b">وقصائد ٱخرى ...</subfield>
		<subfield code="c">شعر ٱنور خليل.</subfield>
	</datafield>
	<datafield ind1=" " ind2=" " tag="880">
		<subfield code="6">260-00</subfield>
		<subfield code="a">[بغداد] :</subfield>
		<subfield code="b">المؤسسة العامة للصحافة و الطباعة دار الجمهورية،</subfield>
		<subfield code="c">١٩٦٩.</subfield>
	</datafield>
	<datafield ind1="1" ind2=" " tag="880">
		<subfield code="6">490-03</subfield>
		<subfield code="a">ديوان الشعر العربي الحديث ؛</subfield>
		<subfield code="v">٥</subfield>
	</datafield>
	<datafield ind1=" " ind2="0" tag="880">
		<subfield code="6">830-04</subfield>
		<subfield code="a">ديوان الشعر العربي الحديث ؛ ;</subfield>
		<subfield code="v">٥.</subfield>
	</datafield>
	<datafield ind1=" " ind2=" " tag="959">
		<subfield code="a">NNU</subfield>
		<subfield code="b">WEB</subfield>
		<subfield code="c">GENI</subfield>
		<subfield code="t">0</subfield>
		<subfield code="m">Electronic access</subfield>
		<subfield code="s">01</subfield>
	</datafield>
	<datafield ind1=" " ind2=" " tag="999">
		<subfield code="i">NNC_5370094</subfield>
		<subfield code="o">(OCoLC)ocm08735680 </subfield>
		<subfield code="s">columbia_aco003242:v.5</subfield>
		<subfield code="e">(ERROR-880)</subfield>
	</datafield>
</record>
